
    @misc{wikipedia1,
        author = {Grassman, H},
        url = {https://en.wikipedia.org/wiki/Grassmann%27s_law},
    } 

    
    @book{grassman,
        title =	{A Reader in Nineteenth Century Historical Indo-European Linguistics},
        year = {1968},
        author = {Winfred P. Lehmann},
        publisher = {Indiana University Press},
        url = {https://onlinebooks.library.upenn.edu/webbin/book/lookupid?key=olbp46747}
    }

    @article{pijpops,
        author = {Pijpops, D. and Zehentner, E.},
        title = {How redundant is language really? Agent-recipient disambiguation across time and space},
        journal = {Glossa: a journal of general linguistics},
        year = 2022,
        doi = {https://doi.org/10.16995/glossa.8763},
        url = {https://www.glossa-journal.org/article/id/8763/}
    }
